<record><leader>00000cas a2200000 a 4500</leader><controlfield tag="001">9642195</controlfield><controlfield tag="008">830624d19501991iluwr ne      0   b0ger c</controlfield><datafield ind1=" " ind2=" " tag="010"><subfield code="a">sn 83045769 </subfield></datafield><datafield ind1=" " ind2=" " tag="040"><subfield code="a">CRL</subfield><subfield code="b">eng</subfield><subfield code="c">CRL</subfield><subfield code="d">NPW</subfield><subfield code="d">DLC</subfield><subfield code="d">NPV</subfield><subfield code="d">DLC</subfield><subfield code="d">NSD</subfield><subfield code="d">DLC</subfield><subfield code="d">NVF</subfield><subfield code="d">CRL</subfield><subfield code="d">NVF</subfield><subfield code="d">CVF</subfield><subfield code="d">CRL</subfield><subfield code="d">OCLCQ</subfield><subfield code="d">NVF</subfield><subfield code="d">OCLCF</subfield><subfield code="d">NVF</subfield><subfield code="d">OCLCO</subfield></datafield><datafield ind1=" " ind2=" " tag="012"><subfield code="l">1</subfield><subfield code="m">x</subfield></datafield><datafield ind1="1" ind2=" " tag="022"><subfield code="a">0896-3762</subfield><subfield code="l">0896-3762</subfield><subfield code="2">1</subfield></datafield><datafield ind1="1" ind2=" " tag="029"><subfield code="a">AU@</subfield><subfield code="b">000020419131</subfield></datafield><datafield ind1=" " ind2=" " tag="042"><subfield code="a">pcc</subfield><subfield code="a">nsdp</subfield></datafield><datafield ind1=" " ind2=" " tag="043"><subfield code="a">n-us-il</subfield></datafield><datafield ind1="0" ind2="0" tag="050"><subfield code="a">Newspaper</subfield></datafield><datafield ind1="0" ind2=" " tag="130"><subfield code="a">Abendpost und Milwaukee Deutsche zeitung (Chicago, Ill.)</subfield></datafield><datafield ind1=" " ind2="0" tag="222"><subfield code="a">Abendpost und Milwaukee Deutsche zeitung</subfield><subfield code="b">(Chicago ed.)</subfield></datafield><datafield ind1="0" ind2="0" tag="245"><subfield code="a">Abendpost und Milwaukee Deutsche zeitung.</subfield></datafield><datafield ind1=" " ind2=" " tag="250"><subfield code="a">Chicago ed.</subfield></datafield><datafield ind1=" " ind2=" " tag="260"><subfield code="a">Chicago, Ill. :</subfield><subfield code="b">Abendpost Co.,</subfield><subfield code="c">1950-1991.</subfield></datafield><datafield ind1=" " ind2=" " tag="300"><subfield code="a">41 v. ;</subfield><subfield code="c">42-46 cm.</subfield></datafield><datafield ind1=" " ind2=" " tag="310"><subfield code="a">Weekly,</subfield><subfield code="b">Feb. 8, 1985-1991</subfield></datafield><datafield ind1=" " ind2=" " tag="321"><subfield code="a">Daily (except Saturday and Sunday),</subfield><subfield code="b">Mar. 13, 1950-Dec. 31, 1970</subfield></datafield><datafield ind1=" " ind2=" " tag="321"><subfield code="a">Daily (except Monday, Saturday, and Sunday),</subfield><subfield code="b">Jan. 5, 1971-June 25, 1982</subfield></datafield><datafield ind1=" " ind2=" " tag="321"><subfield code="a">Semiweekly,</subfield><subfield code="b">June 30, 1982-Feb. 1, 1985</subfield></datafield><datafield ind1="0" ind2=" " tag="362"><subfield code="a">62 Jahrg., Nr. 50 (13. Ma&#776;rz 1950)-102 Jahrg., Nr. 39 (27. Sept. 1991).</subfield></datafield><datafield ind1=" " ind2=" " tag="530"><subfield code="a">Available on microfilm;</subfield><subfield code="b">Wisconsin State Historical Society.</subfield></datafield><datafield ind1=" " ind2=" " tag="546"><subfield code="a">In German.</subfield></datafield><datafield ind1=" " ind2=" " tag="580"><subfield code="a">Formed by the union of: Abendpost (Chicago, Ill. : Chicago ed.) and: Milwaukee Deutsche zeitung.</subfield></datafield><datafield ind1=" " ind2=" " tag="580"><subfield code="a">Other weekly eds.: Sonntagpost und Milwaukee Deutsche zeitung (Chicago, Ill.), 1950-1991, and: Milwaukee Deutsche zeitung und Sonntagpost, &lt;1975&gt;-1984, and: Sonntagpost und Milwaukee Deutsche zeitung (Milwaukee, Wis.), 1984-1991.</subfield></datafield><datafield ind1=" " ind2=" " tag="580"><subfield code="a">Daily eds.: Milwaukee Deutsche zeitung und abendpost, &lt;1979&gt;-1984, and: Abendpost und Milwaukee Deutsche zeitung (Milwaukee, Wis.), 1948-1991.</subfield></datafield><datafield ind1=" " ind2="0" tag="650"><subfield code="a">German Americans</subfield><subfield code="z">United States</subfield><subfield code="v">Newspapers.</subfield></datafield><datafield ind1=" " ind2="0" tag="651"><subfield code="a">Chicago (Ill.)</subfield><subfield code="v">Newspapers.</subfield></datafield><datafield ind1=" " ind2="7" tag="650"><subfield code="a">German Americans.</subfield><subfield code="2">fast</subfield><subfield code="0">(OCoLC)fst00941308</subfield></datafield><datafield ind1=" " ind2="7" tag="651"><subfield code="a">Illinois</subfield><subfield code="z">Chicago.</subfield><subfield code="2">fast</subfield><subfield code="0">(OCoLC)fst01204048</subfield></datafield><datafield ind1=" " ind2="7" tag="651"><subfield code="a">United States.</subfield><subfield code="2">fast</subfield><subfield code="0">(OCoLC)fst01204155</subfield></datafield><datafield ind1=" " ind2="7" tag="655"><subfield code="a">Newspapers.</subfield><subfield code="2">fast</subfield><subfield code="0">(OCoLC)fst01423814</subfield></datafield><datafield ind1=" " ind2=" " tag="752"><subfield code="a">United States</subfield><subfield code="b">Illinois</subfield><subfield code="c">Cook</subfield><subfield code="d">Chicago.</subfield></datafield><datafield ind1="1" ind2=" " tag="775"><subfield code="t">Sonntagpost und Milwaukee Deutsche zeitung (Chicago, Ill.)</subfield><subfield code="x">0896-3762</subfield><subfield code="w">(DLC)sn 83045785</subfield><subfield code="w">(OCoLC)9642226</subfield></datafield><datafield ind1="1" ind2=" " tag="775"><subfield code="t">Milwaukee Deutsche zeitung und Sonntagpost</subfield><subfield code="g">-1984</subfield><subfield code="w">(DLC)sn 87082593</subfield><subfield code="w">(OCoLC)15641087</subfield></datafield><datafield ind1="1" ind2=" " tag="775"><subfield code="t">Sonntagpost und Milwaukee Deutsche zeitung (Milwaukee, Wis.)</subfield><subfield code="g">1984-</subfield><subfield code="x">0896-3770</subfield><subfield code="w">(DLC)sn 87082594</subfield><subfield code="w">(OCoLC)15641164</subfield></datafield><datafield ind1="1" ind2=" " tag="775"><subfield code="t">Milwaukee Deutsche zeitung und abendpost</subfield><subfield code="g">-1984</subfield><subfield code="w">(DLC)sn 87082596</subfield><subfield code="w">(OCoLC)15641250</subfield></datafield><datafield ind1="1" ind2=" " tag="775"><subfield code="t">Abendpost und Milwaukee Deutsche zeitung (Milwaukee, Wis.)</subfield><subfield code="g">1984-</subfield><subfield code="x">0896-3770</subfield><subfield code="w">(DLC)sn 87082595</subfield><subfield code="w">(OCoLC)15641335</subfield></datafield><datafield ind1="1" ind2="4" tag="780"><subfield code="t">Abendpost (Chicago, Ill. : Chicago ed.)</subfield><subfield code="w">(DLC)sn 83045771</subfield><subfield code="w">(OCoLC)9642267</subfield></datafield><datafield ind1="1" ind2="4" tag="780"><subfield code="t">Milwaukee Deutsche zeitung</subfield><subfield code="w">(DLC)sn 86072079</subfield><subfield code="w">(OCoLC)14642043</subfield></datafield><datafield ind1="0" ind2="4" tag="785"><subfield code="t">Nordamerikanische wochen-post und Detroiter abend-post</subfield><subfield code="w">(OCoLC)11081672</subfield></datafield></record>